<?xml version="1.0" encoding="UTF-8"?><collection xmlns="http://www.loc.gov/MARC21/slim"><record><leader>00624nam--2200181-i-4500</leader><controlfield tag="001">000037571</controlfield><controlfield tag="002">20161230</controlfield><controlfield tag="005">20170102170827</controlfield><controlfield tag="008">060222s1000------------r-----000-0-eng-d</controlfield><datafield ind1=" " ind2=" " tag="040"><subfield code="a">IFIN-HH</subfield></datafield><datafield ind1=" " ind2=" " tag="080"><subfield code="a">535(082.1)</subfield></datafield><datafield ind1="1" ind2=" " tag="100"><subfield code="a">Wolf, Emil</subfield></datafield><datafield ind1="1" ind2="0" tag="245"><subfield code="a">Progress in optics. Vol. VIII</subfield><subfield code="c">Emil Wolf (Ed.) J.W. Goodman, G.A. Fry, H.Z. Cummins, H.L. Swinney, A. Musset, A. Thelen, H. Risken, T. Yamamoto, L. Levi, C.L. Mehta (Contributors)</subfield></datafield><datafield ind1=" " ind2=" " tag="260"><subfield code="a">London</subfield><subfield code="b">North-Holland Publishing Company</subfield></datafield><datafield ind1="1" ind2=" " tag="700"><subfield code="a">Mehta, C.L</subfield><subfield code="e">Contributor</subfield></datafield><datafield ind1=" " ind2=" " tag="787"><subfield code="a">Vol. VIII</subfield><subfield code="d">1970</subfield><subfield code="h">458 p</subfield></datafield><datafield ind1=" " ind2=" " tag="852"><subfield code="a">16567</subfield><subfield code="c">535</subfield></datafield><datafield ind1=" " ind2=" " tag="CAT"><subfield code="a">SYS</subfield><subfield code="c">20170102</subfield><subfield code="h">170827</subfield></datafield></record></collection>